@article{yearbook2005china,
	title={China statistics press},
	author={Yearbook, China Statistical},
	journal={Beijing, China},
	year={2005}
}